

@article{https://doi.org/10.48550/arxiv.1706.08500,
  doi = {10.48550/ARXIV.1706.08500},
  
  url = {https://arxiv.org/abs/1706.08500},
  
  author = {Heusel, Martin and Ramsauer and Hubert and Unterthiner and Thomas and Nessler and Bernhard and Hochreiter, Sepp},
  
  keywords = {Machine Learning (cs.LG), Machine Learning (stat.ML), FOS: Computer and information sciences, FOS: Computer and information sciences},
  
  title = {GANs Trained by a Two Time-Scale Update Rule Converge to a Local Nash Equilibrium},
  
  publisher = {arXiv},
  
  year = {2017},
  
  copyright = {arXiv.org perpetual, non-exclusive license}
}

@misc{https://doi.org/10.48550/arxiv.1805.08318,
  doi = {10.48550/ARXIV.1805.08318},
  
  url = {https://arxiv.org/abs/1805.08318},
  
  author = {Zhang, Han and Goodfellow and Ian and Metaxas and Dimitris and Odena, Augustus},
  
  keywords = {Machine Learning (stat.ML), Machine Learning (cs.LG), FOS: Computer and information sciences, FOS: Computer and information sciences},
  
  title = {Self-Attention Generative Adversarial Networks},
  
  publisher = {arXiv},
  
  year = {2018},
  
  copyright = {arXiv.org perpetual, non-exclusive license}
}

@INPROCEEDINGS{5206848,
  author={Deng, Jia and Dong and Wei and Socher, Richard and Li and Li-Jia and Kai Li and Li Fei-Fei},
  booktitle={2009 IEEE Conference on Computer Vision and Pattern Recognition}, 
  title={ImageNet: A large-scale hierarchical image database}, 
  year={2009},
  volume={},
  number={},
  pages={248-255},
  doi={10.1109/CVPR.2009.5206848}}

@misc{https://doi.org/10.48550/arxiv.1802.05957,
  doi = {10.48550/ARXIV.1802.05957},
  
  url = {https://arxiv.org/abs/1802.05957},
  
  author = {Miyato, Takeru and Kataoka and Toshiki and Koyama and Masanori and Yoshida and Yuichi},
  
  keywords = {Machine Learning (cs.LG), Computer Vision and Pattern Recognition (cs.CV), Machine Learning (stat.ML), FOS: Computer and information sciences, FOS: Computer and information sciences},
  
  title = {Spectral Normalization for Generative Adversarial Networks},
  
  publisher = {arXiv},
  
  year = {2018},
  
  copyright = {arXiv.org perpetual, non-exclusive license}
}

@misc{https://doi.org/10.48550/arxiv.1706.03762,
  doi = {10.48550/ARXIV.1706.03762},
  
  url = {https://arxiv.org/abs/1706.03762},
  
  author = {Vaswani, Ashish and Shazeer, Noam and Parmar, Niki and Uszkoreit, Jakob and Jones, Llion and Gomez, Aidan N. and Kaiser, Lukasz and Polosukhin, Illia},
  
  keywords = {Computation and Language (cs.CL), Machine Learning (cs.LG), FOS: Computer and information sciences, FOS: Computer and information sciences},
  
  title = {Attention Is All You Need},
  
  publisher = {arXiv},
  
  year = {2017},
  
  copyright = {arXiv.org perpetual, non-exclusive license}
}

@misc{https://doi.org/10.48550/arxiv.1406.2661,
  doi = {10.48550/ARXIV.1406.2661},
  
  url = {https://arxiv.org/abs/1406.2661},
  
  author = {Goodfellow, Ian J. and Pouget-Abadie, Jean and Mirza, Mehdi and Xu, Bing and Warde-Farley, David and Ozair, Sherjil and Courville, Aaron and Bengio, Yoshua},
  
  keywords = {Machine Learning (stat.ML), Machine Learning (cs.LG), FOS: Computer and information sciences, FOS: Computer and information sciences},
  
  title = {Generative Adversarial Networks},
  
  publisher = {arXiv},
  
  year = {2014},
  
  copyright = {arXiv.org perpetual, non-exclusive license}
}

@misc{https://doi.org/10.48550/arxiv.1606.03498,
  doi = {10.48550/ARXIV.1606.03498},
  
  url = {https://arxiv.org/abs/1606.03498},
  
  author = {Salimans, Tim and Goodfellow, Ian and Zaremba, Wojciech and Cheung, Vicki and Radford, Alec and Chen, Xi},
  
  keywords = {Machine Learning (cs.LG), Computer Vision and Pattern Recognition (cs.CV), Neural and Evolutionary Computing (cs.NE), FOS: Computer and information sciences, FOS: Computer and information sciences},
  
  title = {Improved Techniques for Training GANs},
  
  publisher = {arXiv},
  
  year = {2016},
  
  copyright = {arXiv.org perpetual, non-exclusive license}
}

@misc{https://doi.org/10.48550/arxiv.1705.09367,
  doi = {10.48550/ARXIV.1705.09367},
  
  url = {https://arxiv.org/abs/1705.09367},
  
  author = {Roth, Kevin and Lucchi, Aurelien and Nowozin, Sebastian and Hofmann, Thomas},
  
  keywords = {Machine Learning (cs.LG), Machine Learning (stat.ML), FOS: Computer and information sciences, FOS: Computer and information sciences},
  
  title = {Stabilizing Training of Generative Adversarial Networks through Regularization},
  
  publisher = {arXiv},
  
  year = {2017},
  
  copyright = {arXiv.org perpetual, non-exclusive license}
}