@misc{https://doi.org/10.48550/arxiv.2205.13320,
  doi = {10.48550/ARXIV.2205.13320},
  
  url = {https://arxiv.org/abs/2205.13320},
  
  author = {Chen, Yutian and Song, Xingyou and Lee, Chansoo and Wang, Zi and Zhang, Qiuyi and Dohan, David and Kawakami, Kazuya and Kochanski, Greg and Doucet, Arnaud and Ranzato, Marc'aurelio and Perel, Sagi and de Freitas, Nando},
  
  keywords = {Machine Learning (cs.LG), Artificial Intelligence (cs.AI), Machine Learning (stat.ML), FOS: Computer and information sciences, FOS: Computer and information sciences},
  
  title = {Towards Learning Universal Hyperparameter Optimizers with Transformers},
  
  publisher = {arXiv},
  
  year = {2022},
  
  copyright = {Creative Commons Attribution Non Commercial No Derivatives 4.0 International}
}

@misc{https://doi.org/10.48550/arxiv.1706.03762,
  doi = {10.48550/ARXIV.1706.03762},
  
  url = {https://arxiv.org/abs/1706.03762},
  
  author = {Vaswani, Ashish and Shazeer, Noam and Parmar, Niki and Uszkoreit, Jakob and Jones, Llion and Gomez, Aidan N. and Kaiser, Lukasz and Polosukhin, Illia},
  
  keywords = {Computation and Language (cs.CL), Machine Learning (cs.LG), FOS: Computer and information sciences, FOS: Computer and information sciences},
  
  title = {Attention Is All You Need},
  
  publisher = {arXiv},
  
  year = {2017},
  
  copyright = {arXiv.org perpetual, non-exclusive license}
}

@misc{https://doi.org/10.48550/arxiv.2004.05439,
  doi = {10.48550/ARXIV.2004.05439},
  
  url = {https://arxiv.org/abs/2004.05439},
  
  author = {Hospedales, Timothy and Antoniou, Antreas and Micaelli, Paul and Storkey, Amos},
  
  keywords = {Machine Learning (cs.LG), Machine Learning (stat.ML), FOS: Computer and information sciences, FOS: Computer and information sciences},
  
  title = {Meta-Learning in Neural Networks: A Survey},
  
  publisher = {arXiv},
  
  year = {2020},
  
  copyright = {arXiv.org perpetual, non-exclusive license}
}

@misc{https://doi.org/10.48550/arxiv.2002.08910,
  doi = {10.48550/ARXIV.2002.08910},
  
  url = {https://arxiv.org/abs/2002.08910},
  
  author = {Roberts, Adam and Raffel, Colin and Shazeer, Noam},
  
  keywords = {Computation and Language (cs.CL), Machine Learning (cs.LG), Machine Learning (stat.ML), FOS: Computer and information sciences, FOS: Computer and information sciences},
  
  title = {How Much Knowledge Can You Pack Into the Parameters of a Language Model?},
  
  publisher = {arXiv},
  
  year = {2020},
  
  copyright = {arXiv.org perpetual, non-exclusive license}
}

@proceedings{46180,
title	= {Google Vizier: A Service for Black-Box Optimization},
editor	= {Daniel Golovin and Benjamin Solnik and Subhodeep Moitra and Greg Kochanski and John Elliot Karro and D. Sculley},
year	= {2017},
URL	= {http://www.kdd.org/kdd2017/papers/view/google-vizier-a-service-for-black-box-optimization},
booktitle	= {Proceedings of the 23rd {ACM} {SIGKDD} International Conference on Knowledge Discovery and Data Mining},
pages	= {1487--1495}
}

@misc{https://doi.org/10.48550/arxiv.2003.05689,
  doi = {10.48550/ARXIV.2003.05689},
  
  url = {https://arxiv.org/abs/2003.05689},
  
  author = {Yu, Tong and Zhu, Hong},
  
  keywords = {Machine Learning (cs.LG), Machine Learning (stat.ML), FOS: Computer and information sciences, FOS: Computer and information sciences},
  
  title = {Hyper-Parameter Optimization: A Review of Algorithms and Applications},
  
  publisher = {arXiv},
  
  year = {2020},
  
  copyright = {arXiv.org perpetual, non-exclusive license}
}

@article{Yang_2020,
	doi = {10.1016/j.neucom.2020.07.061},
  
	url = {https://doi.org/10.1016%2Fj.neucom.2020.07.061},
  
	year = 2020,
	month = {nov},
  
	publisher = {Elsevier {BV}
},
  
	volume = {415},
  
	pages = {295--316},
  
	author = {Li Yang and Abdallah Shami},
  
	title = {On hyperparameter optimization of machine learning algorithms: Theory and practice},
  
	journal = {Neurocomputing}
}

@misc{https://doi.org/10.48550/arxiv.2111.14056,
  doi = {10.48550/ARXIV.2111.14056},
  
  url = {https://arxiv.org/abs/2111.14056},
  
  author = {Tuli, Mathieu and Hosseini, Mahdi S. and Plataniotis, Konstantinos N.},
  
  keywords = {Machine Learning (cs.LG), Artificial Intelligence (cs.AI), FOS: Computer and information sciences, FOS: Computer and information sciences, I.2.6; I.2.8; I.2.2},
  
  title = {Towards Robust and Automatic Hyper-Parameter Tunning},
  
  publisher = {arXiv},
  
  year = {2021},
  
  copyright = {arXiv.org perpetual, non-exclusive license}
}

@misc{https://doi.org/10.48550/arxiv.2208.08170,
  doi = {10.48550/ARXIV.2208.08170},
  
  url = {https://arxiv.org/abs/2208.08170},
  
  author = {Navon, Dan and Bronstein, Alex M.},
  
  keywords = {Machine Learning (cs.LG), Artificial Intelligence (cs.AI), FOS: Computer and information sciences, FOS: Computer and information sciences},
  
  title = {Random Search Hyper-Parameter Tuning: Expected Improvement Estimation and the Corresponding Lower Bound},
  
  publisher = {arXiv},
  
  year = {2022},
  
  copyright = {arXiv.org perpetual, non-exclusive license}
}

@misc{https://doi.org/10.48550/arxiv.2201.06834,
  doi = {10.48550/ARXIV.2201.06834},
  
  url = {https://arxiv.org/abs/2201.06834},
  
  author = {Li, Yang and Shen, Yu and Jiang, Huaijun and Zhang, Wentao and Li, Jixiang and Liu, Ji and Zhang, Ce and Cui, Bin},
  
  keywords = {Machine Learning (cs.LG), FOS: Computer and information sciences, FOS: Computer and information sciences},
  
  title = {Hyper-Tune: Towards Efficient Hyper-parameter Tuning at Scale},
  
  publisher = {arXiv},
  
  year = {2022},
  
  copyright = {arXiv.org perpetual, non-exclusive license}
}

@misc{https://doi.org/10.48550/arxiv.2201.06433,
  doi = {10.48550/ARXIV.2201.06433},
  
  url = {https://arxiv.org/abs/2201.06433},
  
  author = {Shekhar, Shashank and Bansode, Adesh and Salim, Asif},
  
  keywords = {Machine Learning (cs.LG), FOS: Computer and information sciences, FOS: Computer and information sciences},
  
  title = {A Comparative study of Hyper-Parameter Optimization Tools},
  
  publisher = {arXiv},
  
  year = {2022},
  
  copyright = {Creative Commons Attribution 4.0 International}
}
@misc{https://doi.org/10.48550/arxiv.2205.08716,
  doi = {10.48550/ARXIV.2205.08716},
  
  url = {https://arxiv.org/abs/2205.08716},
  
  author = {Wang, Han and Sakhadeo, Archit and White, Adam and Bell, James and Liu, Vincent and Zhao, Xutong and Liu, Puer and Kozuno, Tadashi and Fyshe, Alona and White, Martha},
  
  keywords = {Machine Learning (cs.LG), FOS: Computer and information sciences, FOS: Computer and information sciences},
  
  title = {No More Pesky Hyperparameters: Offline Hyperparameter Tuning for RL},
  
  publisher = {arXiv},
  
  year = {2022},
  
  copyright = {Creative Commons Attribution 4.0 International}
}
